


@article{KochO08,
  author    = {Christoph Koch and
               Dan Olteanu},
  title     = {{Conditioning Probabilistic Databases}},
  journal   = {{PVLDB}},
  volume    = {1},
  number    = {1},
  year      = {2008},
}

@inproceedings{MoerkotteN08,
  author    = {Guido Moerkotte and
               Thomas Neumann},
  title     = {{Dynamic Programming Strikes Back}},
  booktitle = {{SIGMOD}},
  year      = {2008},
}


@inproceedings{MoerkotteN06,
  author    = {Guido Moerkotte and
               Thomas Neumann},
  title     = {{Analysis of Two Existing and One New Dynamic Programming Algorithm
               for the Generation of Optimal Bushy Join Trees without Cross Products}},
  booktitle = {VLDB},
  year      = {2006},
}


@inproceedings{AlexandrovKKSTK15,
  author    = {Alexander Alexandrov and
               Andreas Kunft and
               Asterios Katsifodimos and
               Felix Sch{\"{u}}ler and
               Lauritz Thamsen and
               Odej Kao and
               Tobias Herb and
               Volker Markl},
  title     = {{Implicit Parallelism through Deep Language Embedding}},
  booktitle = {{SIGMOD}},
  year      = {2015},
}



@inproceedings{BrunoN08,
  author    = {Nicolas Bruno and
               Rimma V. Nehme},
  title     = {{Configuration-Parametric Query Optimization for Physical Design Tuning}},
  booktitle = {{SIGMOD}},
  year      = {2008},
}

@inproceedings{ShapiroMBBFHWZWV01,
  author    = {Leonard D. Shapiro and
               David Maier and
               Paul Benninghoff and
               Keith Billings and
               Yubo Fan and
               Kavita Hatwal and
               Quan Wang and
               Yu Zhang and
               Hsiao{-}min Wu and
               Bennet Vance},
  title     = {{Exploiting Upper and Lower Bounds In Top-Down Query Optimization}},
  booktitle = {{IDEAS}},
  year      = {2001},
}



@article{Graefe95a,
  author    = {Goetz Graefe},
  title     = {{The Cascades Framework for Query Optimization}},
  journal   = {{IEEE} Data Eng. Bull.},
  volume    = {18},
  number    = {3},
  year      = {1995},
}



@misc{janino,
	Author = {Arno Unkrig},
  Title = {{Janino: A super-small, super-fast Java compiler}},
	Note = {\url{janino-compiler.github.io/janino/}}
}

@techreport{kjolstad17,
 author={Fredrik Kjolstad, Shoaib Kamil Stephen Chou, David Lugato and Saman Amarasinghe},
 title={{The Tensor Algebra Compiler}},
 institution={MIT},
 year={2017},
}

@article{BoehmBERRSTT14,
  author    = {Matthias Boehm and
               Douglas R. Burdick and
               Alexandre V. Evfimievski and
               Berthold Reinwald and
               Frederick R. Reiss and
               Prithviraj Sen and
               Shirish Tatikonda and
               Yuanyuan Tian},
  title     = {{SystemML's Optimizer: Plan Generation for Large-Scale Machine Learning
               Programs}},
  journal   = {{IEEE} Data Eng. Bull.},
  volume    = {37},
  number    = {3},
  year      = {2014},
}

@inproceedings{LuoGGPJ17,
  author    = {Shangyu Luo and
               Zekai J. Gao and
               Michael N. Gubanov and
               Luis Leopoldo Perez and
               Christopher M. Jermaine},
  title     = {{Scalable Linear Algebra on a Relational Database System}},
  booktitle = {{ICDE}},
  year      = {2017},
}


@article{MahoutSamsara,
  author    = {Sebastian Schelter and Andrew Palumbo and Shannon Quinn and Suneel Marthi and Andrew Musselman},
  title     = {{Samsara: Declarative Machine Learning on Distributed Dataflow Systems}},
  journal   = {{NIPS Workshop MLSystems}},
  year      = {2016},
}

@inproceedings{RohrmannSRG17,
  author    = {Till Rohrmann and
               Sebastian Schelter and
               Tilmann Rabl and
               Volker Markl},
  title     = {{Gilbert: Declarative Sparse Linear Algebra on Massively Parallel Dataflow
               Systems}},
  booktitle = {{BTW}},
  year      = {2017},
}


@inproceedings{StonebrakerBPR11,
  author    = {Michael Stonebraker and
               Paul Brown and
               Alex Poliakov and
               Suchi Raman},
  title     = {{The Architecture of SciDB}},
  booktitle = {{SSDBM}},
  year      = {2011},
}


@inproceedings{YuSC15,
  author    = {Lele Yu and
               Yingxia Shao and
               Bin Cui},
  title     = {{Exploiting Matrix Dependency for Efficient Distributed Matrix Computation}},
  booktitle = {{SIGMOD}},
  year      = {2015},
}

@inproceedings{AbadiBCCDDDGIIK16,
  author    = {Mart{\'{\i}}n Abadi and
               Paul Barham and
               Jianmin Chen and
               Zhifeng Chen and
               Andy Davis and
               Jeffrey Dean and
               Matthieu Devin and
               Sanjay Ghemawat and
               Geoffrey Irving and
               Michael Isard and
               Manjunath Kudlur and
               Josh Levenberg and
               Rajat Monga and
               Sherry Moore and
               Derek Gordon Murray and
               Benoit Steiner and
               Paul A. Tucker and
               Vijay Vasudevan and
               Pete Warden and
               Martin Wicke and
               Yuan Yu and
               Xiaoqiang Zheng},
  title     = {{TensorFlow: A System for Large-Scale Machine Learning}},
  booktitle = {{OSDI}},
  year      = {2016},
}



@article{CohenDDHW09,
  author    = {Jeffrey Cohen and
               Brian Dolan and
               Mark Dunlap and
               Joseph M. Hellerstein and
               Caleb Welton},
  title     = {{MAD Skills: New Analysis Practices for Big Data}},
  journal   = {{PVLDB}},
  volume    = {2},
  number    = {2},
  year      = {2009},
}

@inproceedings{DeanG04,
  author    = {Jeffrey Dean and
               Sanjay Ghemawat},
  title     = {{MapReduce: Simplified Data Processing on Large Clusters}},
  booktitle = {{OSDI}},
  year      = {2004},
}

@inproceedings{ZahariaCDDMMFSS12,
  author    = {Matei Zaharia and
               Mosharaf Chowdhury and
               Tathagata Das and
               Ankur Dave and
               Justin Ma and
               Murphy McCauly and
               Michael J. Franklin and
               Scott Shenker and
               Ion Stoica},
  title     = {{Resilient Distributed Datasets: A Fault-Tolerant Abstraction for
               In-Memory Cluster Computing}},
  booktitle = {{NSDI}},
  year      = {2012},
}


@misc{xla,
	Author = {Google},
  Title = {{TensorFlow XLA (Accelerated Linear Algebra)}},
	Note = {\url{tensorflow.org/performance/xla/}}
}

@inproceedings{BelterJKS09,
  author    = {Geoffrey Belter and
               Elizabeth R. Jessup and
               Ian Karlin and
               Jeremy G. Siek},
  title     = {{Automating the Generation of Composed Linear Algebra Kernels}},
  booktitle = {{SC}},
  year      = {2009},
}

@inproceedings{HuangB013,
  author    = {Botong Huang and
               Shivnath Babu and
               Jun Yang},
  title     = {{Cumulon: Optimizing Statistical Data Analysis in the Cloud}},
  booktitle = {{SIGMOD}},
  year      = {2013},
}

@article{ZhangWCMZ16,
  author    = {Mingxing Zhang and
               Yongwei Wu and
               Kang Chen and
               Teng Ma and
               Weimin Zheng},
  title     = {{Measuring and Optimizing Distributed Array Programs}},
  journal   = {{PVLDB}},
  volume    = {9},
  number    = {12},
  year      = {2016},
}


@inproceedings{KhamisNR16,
  author    = {Mahmoud Abo Khamis and
               Hung Q. Ngo and
               Atri Rudra},
  title     = {{FAQ: Questions Asked Frequently}},
  booktitle = {{PODS}},
  year      = {2016},
}

@inproceedings{PalkarTSSAZ17,
  author    = {Shoumik Palkar and
               James J. Thomas and
               Anil Shanbhag and
               Malte Schwarzkopt and
               Saman P. Amarasinghe and
               Matei Zaharia},
  title     = {{A Common Runtime for High Performance Data Analysis}},
  booktitle = {{CIDR}},
  year      = {2017},
}

@article{CrottyGDKBCZ15,
  author    = {Andrew Crotty and
               Alex Galakatos and
               Kayhan Dursun and
               Tim Kraska and
               Carsten Binnig and
               Ugur {\c{C}}etintemel and
               Stan Zdonik},
  title     = {{An Architecture for Compiling UDF-centric Workflows}},
  journal   = {{PVLDB}},
  volume    = {8},
  number    = {12},
  year      = {2015},
}

@inproceedings{SujeethLBRCWAOO11,
  author    = {Arvind K. Sujeeth and
               HyoukJoong Lee and
               Kevin J. Brown and
               Tiark Rompf and
               Hassan Chafi and
               Michael Wu and
               Anand R. Atreya and
               Martin Odersky and
               Kunle Olukotun},
  title     = {{OptiML: An Implicitly Parallel Domain-Specific Language for Machine
               Learning}},
  booktitle = {{ICML}},
  year      = {2011},
}

@inproceedings{HuangBTRTR15,
  author    = {Botong Huang and
               Matthias Boehm and
               Yuanyuan Tian and
               Berthold Reinwald and
               Shirish Tatikonda and
               Frederick R. Reiss},
  title     = {{Resource Elasticity for Large-Scale Machine Learning}},
  booktitle = {{SIGMOD}},
  year      = {2015},
}


@inproceedings{AshariTBRCKS15,
  author    = {Arash Ashari and
               Shirish Tatikonda and
               Matthias Boehm and
               Berthold Reinwald and
               Keith Campbell and
               John Keenleyside and
               P. Sadayappan},
  title     = {{On Optimizing Machine Learning Workloads via Kernel Fusion}},
  booktitle = {{PPoPP}},
  year      = {2015},
}

@article{BoehmDEEMPRRSST16,
  author    = {Matthias Boehm and
               Michael Dusenberry and
               Deron Eriksson and
               Alexandre V. Evfimievski and
               Faraz Makari Manshadi and
               Niketan Pansare and
               Berthold Reinwald and
               Frederick Reiss and
               Prithviraj Sen and
               Arvind Surve and
               Shirish Tatikonda},
  title     = {{SystemML: Declarative Machine Learning on Spark}},
  journal   = {{PVLDB}},
  volume    = {9},
  number    = {13},
  year      = {2016},
}

@inproceedings{ElgamalLBETRS17,
  author    = {Tarek Elgamal and
               Shangyu Luo and
               Matthias Boehm and
               Alexandre V. Evfimievski and
               Shirish Tatikonda and
               Berthold Reinwald and
               Prithviraj Sen},
  title     = {{SPOOF: Sum-Product Optimization and Operator Fusion for Large-Scale
               Machine Learning}},
  booktitle = {{CIDR}},
  year      = {2017},
}
